@misc{sanz_franck_lecuyer_anatole_ferran_2015,
    title={A Methodology for Introducing Competitive Anxiety and Pressure in VR Sports Training},
    url={https://www.frontiersin.org/articles/10.3389/frobt.2015.00010/full},
    journal={Frontiers},
    publisher={Frontiers},
    author={Sanz, Argelaguet and Franck and Lécuyer and Anatole and Ferran},
    year={2015},
    month={Mar}
}

@misc{barca_innovation_hub_2019,
    title={THE USE OF VR/AR/MR TO IMPROVE PERFORMANCE IN SPORTS},
    url={https://barcainnovationhub.com/the-use-of-vr-ar-mr-to-improved-performance-in-sports/},
    journal={Barça Innovation Hub},
    year={2019},
    month={Sep}
}

@misc{wang_2012,
    title={Research on Application of Virtual Reality Technology in Competitive Sports}, url={https://www.sciencedirect.com/science/article/pii/S1877705812005589},
    journal={Procedia Engineering},
    publisher={Elsevier}, author={Wang, Jinzhao},
    year={2012},
    month={Feb}
} 

@misc{biddiss_2010,
    title={Active Video Games to Promote Physical Activity in Children and Youth: A Systematic Review}, url={https://jamanetwork.com/journals/jamapediatrics/article-abstract/383491},
    journal={Archives of Pediatrics & Adolescent Medicine},
    publisher={American Medical Association},
    author={Biddiss, Elaine},
    year={2010},
    month={Jul}
}