@misc{sanz_franck_lecuyer_anatole_ferran_2015,
    title={A Methodology for Introducing Competitive Anxiety and Pressure in VR Sports Training},
    url={https://www.frontiersin.org/articles/10.3389/frobt.2015.00010/full},
    journal={Frontiers},
    publisher={Frontiers},
    author={Sanz, Argelaguet and Franck and Lécuyer and Anatole and Ferran},
    year={2015},
    month={Mar}
}

@misc{barca_innovation_hub_2019,
    title={THE USE OF VR/AR/MR TO IMPROVE PERFORMANCE IN SPORTS},
    url={https://barcainnovationhub.com/the-use-of-vr-ar-mr-to-improved-performance-in-sports/},
    journal={Barça Innovation Hub},
    year={2019},
    month={Sep}
}

@misc{wang_2012,
    title={Research on Application of Virtual Reality Technology in Competitive Sports}, url={https://www.sciencedirect.com/science/article/pii/S1877705812005589},
    journal={Procedia Engineering},
    publisher={Elsevier}, author={Wang, Jinzhao},
    year={2012},
    month={Feb}
} 

@misc{biddiss_2010,
    title={Active Video Games to Promote Physical Activity in Children and Youth: A Systematic Review}, url={https://jamanetwork.com/journals/jamapediatrics/article-abstract/383491},
    journal={Archives of Pediatrics & Adolescent Medicine},
    publisher={American Medical Association},
    author={Biddiss, Elaine},
    year={2010},
    month={Jul}
}

@misc{JulStorm_2017,
    title={Can Children Get Exercise Through Video Games? (“Exergaming”?)},             url={http://www.center4research.org/can-children-get-exercise-video-games/},
    journal={},
    publisher={National Center for Health Research},
    author={Laura Julstorm},
    year={2017},
    month={Aug}
}

@misc{Leutwyler_2010,
    title={Video Games to Promote Physical Activity in Older Adults with Schizophrenia}, 
    url={https://www.ncbi.nlm.nih.gov/pmc/articles/PMC3833370/},
    journal={Games for health journal},
    publisher={Games for health journal},
    author={Leutwyler, Heather},
    year={2012},
    month={Oct}
}

@misc{schaik_blake_pernet_spears_fencott_2008, 
    title={Virtual Augmented Exercise Gaming for Older Adults}, url={https://www.liebertpub.com/doi/abs/10.1089/cpb.2007.9925},
    journal={Mary Ann Liebert, Inc., publishers}, 
    author={Schaik, Paul Van and Blake, Jonathan and Pernet, Fred and Spears, Iain and Fencott, Clive}, 
    year={2008}, 
    month={Feb}
}

@misc{CDC_2020,
    title={Adult Obesity Facts},
    url={https://www.cdc.gov/obesity/data/adult.html},
    journal={Centers for Disease Control and Prevention},
    publisher={Centers for Disease Control and Prevention},
    year={2020}, 
    month={Feb}
} 

@misc{lamotha_2018, 
    title={Active Video Gaming to Improve Balance in the Elderly }, 
    url={https://www.researchgate.net/profile/Brenda_Wiederhold/publication/296334200_Annual_Review_of_Cybertherapy_and_Telemedicine_2011_Advanced_Technologies_in_Behavioral_Social_and_Neurosciences/links/5cb7bb8092851c8d22f2d9f5/Annual-Review-of-Cybertherapy-and-Telemedicine-2011-Advanced-Technologies-in-Behavioral-Social-and-Neurosciences.pdf#page=142}, 
    publisher={a Center for Human Movement Sciences}, 
    author={LAMOTHa, Claudine J.C}, 
    year={2018}, 
    month={Apr}
}

@misc{eun-cho_park_2015, 
    title={The effects of virtual reality game exercise on balance and gait of the elderly}, 
    url={https://www.jstage.jst.go.jp/article/jpts/27/4/27_jpts-2014-705/_article/-char/ja/},
    journal={Journal of Physical Therapy Science}, 
    publisher={The Society of Physical Therapy Science}, 
    author={Eun-Cho Park, Seong-Gil Kim}, 
    year={2015}, 
    month={Apr}
}

@misc{shubert_2010, 
title={The Use of Commercial Health Video Games to Promote Physical Activity in Older Adults}, 
url={https://www.managedhealthcareconnect.com/index.php/content/the-use-commercial-health-video-games-promote-physical-activity-older-adults}, 
journal={Managed Health Care Connect}, 
author={Shubert, Tiffany E.}, 
year={2010}, 
month={May}}


@misc{simmons_2019, title={The Disadvantages of a Small Sample Size}, url={https://sciencing.com/disadvantages-small-sample-size-8448532.html}, journal={Sciencing}, author={Simmons, A. E.}, year={2019}, month={Mar}}

@misc{unity, title={Multiplatform - VR-AR}, url={https://unity3d.com/unity/features/multiplatform/vr-ar}, journal={Unity}}

@misc{teixeira_2012, title={Exercise, physical activity, and self-determination theory: a systematic review}, url={https://www.ncbi.nlm.nih.gov/pmc/articles/PMC3441783/}, journal={The international journal of behavioral nutrition and physical activity}, publisher={BioMed Central}, author={Teixeira, Pedro J and Carraça, Eliana V and Markland, David and Silva, Marlene N and Ryan, Richard M}, year={2012}, month={Jun}}

@misc{sarah_dinkel_john_m_noble_2016, 
    title={How accurate are the wrist-based heart rate monitors during walking and running activities? Are they accurate enough?}, 
    url={https://bmjopensem.bmj.com/content/2/1/e000106}, 
    journal={BMJ Open Sport & Exercise Medicine}, publisher={BMJ Specialist Journals}, author={Sarah and Dinkel, Danae M and John M Noble, Jung-Min Lee}, year={2016}, month={Apr}}


@misc{mcclure_schofield, title={Running virtual: The effect of virtual reality on exercise}, url={https://www.jhse.ua.es/article/view/2020-v15-n4-effect-virtual-reality-on-exercise}, journal={Journal of Human Sport and Exercise}, author={McClure, Coleen and Schofield, Damian}}


